<record><leader>00000cas a2200000 a 4500</leader><controlfield tag="001">28488251</controlfield><controlfield tag="008">930722d19261931wyuwr ne      0    0eng c</controlfield><datafield ind1=" " ind2=" " tag="010"><subfield code="a">sn 93070090 </subfield></datafield><datafield ind1=" " ind2=" " tag="040"><subfield code="a">NVO</subfield><subfield code="b">eng</subfield><subfield code="c">NVO</subfield><subfield code="d">OCLCQ</subfield><subfield code="d">DLC</subfield><subfield code="d">OCLCQ</subfield><subfield code="d">OCLCF</subfield><subfield code="d">OCLCO</subfield></datafield><datafield ind1="1" ind2=" " tag="029"><subfield code="a">AU@</subfield><subfield code="b">000025541586</subfield></datafield><datafield ind1=" " ind2=" " tag="042"><subfield code="a">pcc</subfield></datafield><datafield ind1=" " ind2=" " tag="043"><subfield code="a">n-us-wy</subfield></datafield><datafield ind1="0" ind2="0" tag="245"><subfield code="a">Laramie County news.</subfield></datafield><datafield ind1=" " ind2=" " tag="260"><subfield code="a">Burns, Laramie County, Wyo. :</subfield><subfield code="b">Thrasher, Dietrich &amp; Thrasher</subfield></datafield><datafield ind1=" " ind2=" " tag="300"><subfield code="a">v.</subfield></datafield><datafield ind1=" " ind2=" " tag="310"><subfield code="a">Weekly,</subfield><subfield code="b">Oct. 10, 1928-</subfield></datafield><datafield ind1=" " ind2=" " tag="321"><subfield code="a">Weekly,</subfield><subfield code="b">July 1926-Sept. 15, 1927</subfield></datafield><datafield ind1=" " ind2=" " tag="321"><subfield code="a">Semiweekly,</subfield><subfield code="b">Sept. 21, 1927-Oct. 6, 1928</subfield></datafield><datafield ind1="0" ind2=" " tag="362"><subfield code="a">Vol. 18, no. 26 (July 1, 1926)-v. 23, no. 47 (Nov. 26, 1931).</subfield></datafield><datafield ind1=" " ind2="0" tag="651"><subfield code="a">Burns (Wyo.)</subfield><subfield code="v">Newspapers.</subfield></datafield><datafield ind1=" " ind2="0" tag="651"><subfield code="a">Laramie County (Wyo.)</subfield><subfield code="v">Newspapers.</subfield></datafield><datafield ind1=" " ind2="7" tag="655"><subfield code="a">Newspapers.</subfield><subfield code="2">fast</subfield><subfield code="0">(OCoLC)fst01423814</subfield></datafield><datafield ind1=" " ind2="7" tag="651"><subfield code="a">Wyoming</subfield><subfield code="z">Burns.</subfield><subfield code="2">fast</subfield><subfield code="0">(OCoLC)fst01251469</subfield></datafield><datafield ind1=" " ind2="7" tag="651"><subfield code="a">Wyoming</subfield><subfield code="z">Laramie County.</subfield><subfield code="2">fast</subfield><subfield code="0">(OCoLC)fst01225729</subfield></datafield><datafield ind1=" " ind2=" " tag="752"><subfield code="a">United States</subfield><subfield code="b">Wyoming</subfield><subfield code="c">Laramie</subfield><subfield code="d">Burns.</subfield></datafield><datafield ind1="0" ind2="4" tag="780"><subfield code="t">Burns herald</subfield><subfield code="w">(DLC)sn 93070081</subfield></datafield><datafield ind1="0" ind2="4" tag="780"><subfield code="t">Hillsdale review (Hillsdale, Wyo. : 1917)</subfield><subfield code="w">(DLC)sn 93070084</subfield></datafield><datafield ind1="0" ind2="1" tag="785"><subfield code="t">Hillsdale review (Hillsdale, Wyo. : 1927)</subfield><subfield code="w">(DLC)sn 93070089</subfield></datafield><datafield ind1="0" ind2="0" tag="785"><subfield code="t">State news and Laramie County news</subfield><subfield code="w">(DLC)sn 92067061</subfield></datafield></record>